<?xml version="1.0" encoding="UTF-8"?><record xmlns="http://www.loc.gov/MARC21/slim" xmlns:cinclude="http://apache.org/cocoon/include/1.0" xmlns:zs="http://www.loc.gov/zing/srw/">
  <leader>01599cz  a2200301n  4500</leader>
  <controlfield tag="001">n  80099172 </controlfield>
  <controlfield tag="003">DLC</controlfield>
  <controlfield tag="005">20101215112055.0</controlfield>
  <controlfield tag="008">800826n| acannaabn          |b aaa      </controlfield>
  <datafield tag="010" ind1=" " ind2=" ">
    <subfield code="a">n  80099172 </subfield>
  </datafield>
  <datafield tag="035" ind1=" " ind2=" ">
    <subfield code="a">(OCoLC)oca00480126</subfield>
  </datafield>
  <datafield tag="040" ind1=" " ind2=" ">
    <subfield code="a">DLC</subfield>
    <subfield code="b">eng</subfield>
    <subfield code="c">DLC</subfield>
    <subfield code="d">DLC</subfield>
    <subfield code="d">OCoLC</subfield>
    <subfield code="d">DLC</subfield>
    <subfield code="d">OCoLC</subfield>
    <subfield code="d">DLC</subfield>
  </datafield>
  <datafield tag="100" ind1="1" ind2=" ">
    <subfield code="a">Rasūlī Maḥallātī, Hāshim</subfield>
  </datafield>
  <datafield tag="400" ind1="1" ind2=" ">
    <subfield code="a">Maḥallātī, Hāshim Rasūlī</subfield>
  </datafield>
  <datafield tag="400" ind1="1" ind2=" ">
    <subfield code="a">Rasūlī, Hāshim</subfield>
  </datafield>
  <datafield tag="400" ind1="1" ind2=" ">
    <subfield code="a">Rasūlī al-Maḥallātī, Hāshim</subfield>
  </datafield>
  <datafield tag="400" ind1="1" ind2=" ">
    <subfield code="a">Rasouli Mahallati, Hashem</subfield>
  </datafield>
  <datafield tag="400" ind1="1" ind2=" ">
    <subfield code="a">Mahallati, Hashem Rasouli</subfield>
  </datafield>
  <datafield tag="400" ind1="1" ind2=" ">
    <subfield code="a">Rasūlī Maḥallātī, Sayyid Hāshim</subfield>
  </datafield>
  <datafield tag="400" ind1="1" ind2=" ">
    <subfield code="a">Rasouli Mahallati, Seyyed Hashem</subfield>
  </datafield>
  <datafield tag="400" ind1="1" ind2=" ">
    <subfield code="a">رسولى محلاتى، هاشم</subfield>
  </datafield>
  <datafield tag="400" ind1="0" ind2=" ">
    <subfield code="a">هاشم رسولى محلاتى</subfield>
  </datafield>
  <datafield tag="667" ind1=" " ind2=" ">
    <subfield code="a">Machine-derived non-Latin script reference project.</subfield>
  </datafield>
  <datafield tag="667" ind1=" " ind2=" ">
    <subfield code="a">Non-Latin script references not evaluated.</subfield>
  </datafield>
  <datafield tag="670" ind1=" " ind2=" ">
    <subfield code="a">His Qiṣaṣ-i Qurʼān, 1974:</subfield>
    <subfield code="b">t.p. (Hāshim Rasūlī Maḥallātī)</subfield>
  </datafield>
  <datafield tag="670" ind1=" " ind2=" ">
    <subfield code="a">Kulaynī, M.b.Y. Uṣūl-i Kāfī, 1969?:</subfield>
    <subfield code="b">v. 4, t.p. (Āqā-yi Ḥājj Sayyid Hāshim Rasūlī)</subfield>
  </datafield>
  <datafield tag="670" ind1=" " ind2=" ">
    <subfield code="a">Ṭabarsī, al-F. b. al-Ḥ. Majmaʻ al-bayān fī tafsīr al-Qurʼān, 198-?:</subfield>
    <subfield code="b">v. 1, t.p. (Hāshim al-Rasūlī al-Maḥallātī) v. 5, p. 572 (Hāshim ibn al-Sayyid Ḥusayn al-Ḥusaynī al-Maḥallātī al-mushtahir bi-Rasūlī)</subfield>
  </datafield>
  <datafield tag="670" ind1=" " ind2=" ">
    <subfield code="a">Khāṭirāt-i Āyat Allāh Sayyid Hāshim Rasūlī Maḥallātī, 2004:</subfield>
    <subfield code="b">added t.p. (Ayatollah Seyyed Hashem Rasouli Mahallati [in rom.]) Iranian CIP data (Rasūlī, Hāshim; b. 1308 [1929 or 1930])</subfield>
  </datafield>
</record>